<record><leader>00000cas a22000007a 4500</leader><controlfield tag="001">19340786</controlfield><controlfield tag="008">890310d188u1942pauwr ne      0    0eng d</controlfield><datafield ind1=" " ind2=" " tag="010"><subfield code="a">sn 89077093 </subfield></datafield><datafield ind1=" " ind2=" " tag="040"><subfield code="a">NPH</subfield><subfield code="b">eng</subfield><subfield code="c">NPH</subfield><subfield code="d">OCLCQ</subfield></datafield><datafield ind1=" " ind2=" " tag="042"><subfield code="a">msc</subfield></datafield><datafield ind1="0" ind2="4" tag="245"><subfield code="a">The Butler County record.</subfield></datafield><datafield ind1=" " ind2=" " tag="260"><subfield code="a">Butler, Pa. :</subfield><subfield code="b">Chas. E. Herr</subfield></datafield><datafield ind1=" " ind2=" " tag="300"><subfield code="a">v.</subfield></datafield><datafield ind1=" " ind2=" " tag="310"><subfield code="a">Weekly</subfield></datafield><datafield ind1="1" ind2=" " tag="362"><subfield code="a">Ceased in 1942?</subfield></datafield><datafield ind1=" " ind2=" " tag="580"><subfield code="a">"Successor to the Petrolia record."</subfield></datafield><datafield ind1=" " ind2=" " tag="588"><subfield code="a">Description based on: Vol. 11, no. 27 (June 29, 1888).</subfield></datafield><datafield ind1=" " ind2=" " tag="752"><subfield code="a">United States</subfield><subfield code="b">Pennsylvania</subfield><subfield code="c">Butler</subfield><subfield code="d">Butler.</subfield></datafield><datafield ind1="1" ind2="0" tag="780"><subfield code="t">Petrolia record</subfield><subfield code="w">(DLC)sn 89077092</subfield></datafield><datafield ind1="0" ind2="7" tag="785"><subfield code="t">News-beacon (Zelienople, Pa.)</subfield><subfield code="w">(DLC)sn 89077091</subfield></datafield><datafield ind1="0" ind2="7" tag="785"><subfield code="t">Butler County news record (Zelienople, Pa. : 1942)</subfield><subfield code="w">(DLC)sn 88080975</subfield></datafield></record>